##########################
##########################
## ANT PATH REFERENCES####
##########################
##########################
##########################

A bunch of articles that are all approximately equal in describing the ant path metholodogy:

! not used in prelim
@incollection{dorigo2010ant,
  title={Ant colony optimization},
  author={Dorigo, Marco and Birattari, Mauro},
  booktitle={Encyclopedia of Machine Learning},
  pages={36--39},
  year={2010},
  publisher={Springer}
}

! not used
@article{dorigo2005ant,
  title={Ant colony optimization theory: A survey},
  author={Dorigo, Marco and Blum, Christian},
  journal={Theoretical computer science},
  volume={344},
  number={2},
  pages={243--278},
  year={2005},
  publisher={Elsevier}
}

best statement of extensions to basic ant system
@incollection{dorigo2003ant,
  title={The ant colony optimization metaheuristic: Algorithms, applications, and advances},
  author={Dorigo, Marco and St{\"u}tzle, Thomas},
  booktitle={Handbook of metaheuristics},
  pages={250--285},
  year={2003},
  publisher={Springer}
}

best statement of basic ant system
@article{dorigo1999ant,
  title={Ant algorithms for discrete optimization},
  author={Dorigo, Marco and Caro, Gianni and Gambardella, Luca},
  journal={Artificial life},
  volume={5},
  number={2},
  pages={137--172},
  year={1999},
  publisher={MIT Press}
}

An article to show the biological basis for ant path algorithms
@article{goss1989self,
  title={Self-organized shortcuts in the {A}rgentine ant},
  author={Goss, Simon and Aron, Serge and Deneubourg, Jean-Louis and Pasteels, Jacques Marie},
  journal={Naturwissenschaften},
  volume={76},
  number={12},
  pages={579--581},
  year={1989},
  publisher={Springer}
}

An application to drug design? Haven't read this one yet.
! not used
@incollection{korb2006plants,
  title={{PLANTS}: {A}pplication of ant colony optimization to structure-based drug design},
  author={Korb, Oliver and St{\"u}tzle, Thomas and Exner, Thomas E},
  booktitle={Ant Colony Optimization and Swarm Intelligence},
  pages={247--258},
  year={2006},
  publisher={Springer}
}

##########################
##########################
#########################
## GENERIC REVIEWS FOR FACTS
#########################
##########################
##########################

Binding involved in DNA replication
@article{bell2002dna,
  title={{DNA} replication in eukaryotic cells},
  author={Bell, Stephen P and Dutta, Anindya},
  journal={Annual review of biochemistry},
  volume={71},
  number={1},
  pages={333--374},
  year={2002},
  publisher={Annual Reviews 4139 El Camino Way, PO Box 10139, Palo Alto, CA 94303-0139, USA}
}

Binding involved in cellular recognition
@article{merwe2003molecular,
  title={Molecular interactions mediating {T} cell antigen recognition},
  author={Merwe, P Anton van der and Davis, Simon J},
  journal={Annual review of immunology},
  volume={21},
  number={1},
  pages={659--684},
  year={2003},
  publisher={Annual Reviews 4139 El Camino Way, PO Box 10139, Palo Alto, CA 94303-0139, USA}
}
@article{janeway2002innate,
  title={Innate immune recognition},
  author={Janeway Jr, Charles A and Medzhitov, Ruslan},
  journal={Annual review of immunology},
  volume={20},
  number={1},
  pages={197--216},
  year={2002},
  publisher={Annual Reviews 4139 El Camino Way, PO Box 10139, Palo Alto, CA 94303-0139, USA}
}

Bond length reference
@book{chemhandbook,
  title={Handbook of Chemistry and Physics, 65th Edition},
  author={Weast, Robert C},
  publisher={CRC Press},
  year={1984}
}

################
## MD TIMESCALES
################

teragrid allows for up to micrsecond time scales. Cites microsecond as folding time scale too
@inproceedings{vandivort2008long,
  title={Long time and large size molecular dynamics simulations made feasible through new {T}era{G}rid hardware and software},
  author={Vandivort, K and Phillips, JC and Villa, E and Freddolino, PL and Gumbart, J and Trabuco, LG and Chandler, DE and Hsin, J and Harrison, CB and Kale, L and others},
  booktitle={Proceedings of the 2008 TeraGrid Conference},
  year={2008}
}

AMBER on gpus can hit microsecond (after like ten days of simulation)
@article{salomon2013routine,
  title={Routine microsecond molecular dynamics simulations with {A}mber on {GPU}s. 2. {E}xplicit solvent particle mesh {E}wald},
  author={Salomon-Ferrer, Romelia and Götz, Andreas W and Poole, Duncan and Le Grand, Scott and Walker, Ross C},
  journal={Journal of Chemical Theory and Computation},
  volume={9},
  number={9},
  pages={3878--3888},
  year={2013},
  publisher={ACS Publications}
}

anton 2 can reach millisecond
@inproceedings{shaw2014anton,
  title={Anton 2: raising the bar for performance and programmability in a special-purpose molecular dynamics supercomputer},
  author={Shaw, David E and Grossman, JP and Bank, Joseph A and Batson, Brannon and Butts, J Adam and Chao, Jack C and Deneroff, Martin M and Dror, Ron O and Even, Amos and Fenton, Christopher H and others},
  booktitle={Proceedings of the International Conference for High Performance Computing, Networking, Storage and Analysis},
  pages={41--53},
  year={2014},
  organization={IEEE Press}
}

other shaw paper with absurdly long simulations
@article{shaw2010atomic,
  title={Atomic-level characterization of the structural dynamics of proteins},
  author={Shaw, David E and Maragakis, Paul and Lindorff-Larsen, Kresten and Piana, Stefano and Dror, Ron O and Eastwood, Michael P and Bank, Joseph A and Jumper, John M and Salmon, John K and Shan, Yibing and others},
  journal={Science},
  volume={330},
  number={6002},
  pages={341--346},
  year={2010},
  publisher={American Association for the Advancement of Science}
}

##########################
##########################
##########################
## REVIEWS FOR LEAD OPTIMIZATION AND DRUG DESIGN
##########################
##########################
##########################

not very good article...
! not used
@article{congreve2005keynote,
  title={Keynote review: Structural biology and drug discovery},
  author={Congreve, Miles and Murray, Christopher W and Blundell, Tom L},
  journal={Drug Discovery Today},
  volume={10},
  number={13},
  pages={895--907},
  year={2005},
  publisher={Elsevier}
}

good reference for describing the harsh climate of drug discovery: costs, failures etc
emphasizes quality over quantity
@article{khanna2012drug,
  title={Drug discovery in pharmaceutical industry: productivity challenges and trends},
  author={Khanna, Ish},
  journal={Drug discovery today},
  volume={17},
  number={19},
  pages={1088--1102},
  year={2012},
  publisher={Elsevier}
}

VERY nice review. Covers role of structure in lead optimization and screening from a docking perspective, but also touches on free energy calculations
Also mentions testing in simulation before synthesis
@article{kitchen2004docking,
  title={Docking and scoring in virtual screening for drug discovery: methods and applications},
  author={Kitchen, Douglas B and Decornez, H{\'e}l{\`e}ne and Furr, John R and Bajorath, J{\"u}rgen},
  journal={Nature reviews Drug discovery},
  volume={3},
  number={11},
  pages={935--949},
  year={2004},
  publisher={Nature Publishing Group}
}

ok article on size of chemical spaces
@article{walters1998virtual,
  title={Virtual screening--an overview},
  author={Walters, W Patrick and Stahl, Matthew T and Murcko, Mark A},
  journal={Drug Discovery Today},
  volume={3},
  number={4},
  pages={160--178},
  year={1998},
  publisher={Elsevier}
}

maybe better article on chemical spaces and choice of what to synthesize.
@article{langer2001virtual,
  title={Virtual Screening An Effective Tool for Lead Structure Discovery},
  author={Langer, T and Hoffmann, RD},
  journal={Current pharmaceutical design},
  volume={7},
  number={7},
  pages={509--527},
  year={2001},
  publisher={Bentham Science Publishers}
}

REALLY nice article that desrcibes lead opt, free en calcs and structure role in drug design, and rational vs irrational approaches
also describes thermo role in binding as well as classic problems with FEPl
@article{gohlke2002approaches,
  title={Approaches to the description and prediction of the binding affinity of small-molecule ligands to macromolecular receptors},
  author={Gohlke, Holger and Klebe, Gerhard},
  journal={Angewandte Chemie International Edition},
  volume={41},
  number={15},
  pages={2644--2676},
  year={2002},
  publisher={Wiley Online Library}
}

@article{bleicher2003hit,
  title={Hit and lead generation: beyond high-throughput screening},
  author={Bleicher, Konrad H and B{\"o}hm, Hans-Joachim and M{\"u}ller, Klaus and Alanine, Alexander I},
  journal={Nature Reviews Drug Discovery},
  volume={2},
  number={5},
  pages={369--378},
  year={2003},
  publisher={Nature Publishing Group}
}

has really nice figure detailing time investment and failure rates for drug dev
@article{payne2006drugs,
  title={Drugs for bad bugs: confronting the challenges of antibacterial discovery},
  author={Payne, David J and Gwynn, Michael N and Holmes, David J and Pompliano, David L},
  journal={Nature Reviews Drug Discovery},
  volume={6},
  number={1},
  pages={29--40},
  year={2006},
  publisher={Nature Publishing Group}
}

role of MD in drug design, ref for limitations of docking
@article{harvey2012high,
  title={High-throughput molecular dynamics: the powerful new tool for drug discovery},
  author={Harvey, Matthew J and De Fabritiis, Gianni},
  journal={Drug discovery today},
  volume={17},
  number={19},
  pages={1059--1062},
  year={2012},
  publisher={Elsevier}
}

##########################
##########################
##########################
## REFERENCES FOR DISTANCE METRICS
##########################
##########################
##########################

Totvar dist as (1-a)
@article{roberts2004general,
  title={General state space {M}arkov chains and {MCMC} algorithms},
  author={Roberts, Gareth O and Rosenthal, Jeffrey S},
  journal={Probability Surveys},
  volume={1},
  pages={20--71},
  year={2004}
}

Rao distance for normals
@article{atkinson1981rao,
  title={Rao's distance measure},
  author={Atkinson, Colin and Mitchell, Ann FS},
  journal={Sankhy{\=a}: The Indian Journal of Statistics, Series A},
  pages={345--365},
  year={1981},
  publisher={JSTOR}
}

##########################
##########################
##########################
## FREE ENERGY REFS
##########################
##########################
##########################


#####################
## REVIEWS
#####################
@article{christ2010basic,
  title={Basic ingredients of free energy calculations: a review},
  author={Christ, Clara D and Mark, Alan E and van Gunsteren, Wilfred F},
  journal={Journal of computational chemistry},
  volume={31},
  number={8},
  pages={1569--1582},
  year={2010},
  publisher={Wiley Online Library}
}
@article{pohorille2010good,
  title={Good practices in free-energy calculations},
  author={Pohorille, Andrew and Jarzynski, Christopher and Chipot, Christophe},
  journal={The Journal of Physical Chemistry B},
  volume={114},
  number={32},
  pages={10235--10253},
  year={2010},
  publisher={ACS Publications}
}
@article{shirts2007alchemical,
  title={Alchemical free energy calculations: ready for prime time},
  author={Shirts, Michael R and Mobley, David L and Chodera, John D},
  journal={Annual Reports in Computational Chemistry},
  volume={3},
  pages={41--59},
  year={2007},
  publisher={Elsevier BV, Amsterdam}
}

##############
# kofke papers about overlap. seem interesting to read at another time
##############
@article{wu2005phase1,
  title={Phase-space overlap measures. {I}. {F}ail-safe bias detection in free energies calculated by molecular simulation},
  author={Wu, Di and Kofke, David A},
  journal={The Journal of chemical physics},
  volume={123},
  number={5},
  pages={054103},
  year={2005},
  publisher={AIP Publishing}
}
@article{wu2005phase2,
  title={Phase-space overlap measures. {II}. {D}esign and implementation of staging methods for free-energy calculations},
  author={Wu, Di and Kofke, David A},
  journal={The Journal of chemical physics},
  volume={123},
  number={8},
  pages={084109},
  year={2005},
  publisher={AIP Publishing}
}

#####
WHAM paper
@article{kumar1992weighted,
  title={The weighted histogram analysis method for free-energy calculations on biomolecules. {I}. {T}he method},
  author={Kumar, Shankar and Rosenberg, John M and Bouzida, Djamal and Swendsen, Robert H and Kollman, Peter A},
  journal={Journal of computational chemistry},
  volume={13},
  number={8},
  pages={1011--1021},
  year={1992},
  publisher={Wiley Online Library}
}

#######
optimal intermediates
@article{lu1999optimal,
  title={Optimal intermediates in staged free energy calculations},
  author={Lu, Nandou and Kofke, David A},
  journal={The Journal of chemical physics},
  volume={111},
  number={10},
  pages={4414--4423},
  year={1999},
  publisher={AIP Publishing}
}

@article{pham2011identifying,
  title={Identifying low variance pathways for free energy calculations of molecular transformations in solution phase},
  author={Pham, Tri T and Shirts, Michael R},
  journal={The Journal of chemical physics},
  volume={135},
  number={3},
  pages={034114},
  year={2011},
  publisher={AIP Publishing}
}

@article{blondel2004ensemble,
  title={Ensemble variance in free energy calculations by thermodynamic integration: theory, optimal “alchemical” path, and practical solutions},
  author={Blondel, Arnaud},
  journal={Journal of computational chemistry},
  volume={25},
  number={7},
  pages={985--993},
  year={2004},
  publisher={Wiley Online Library}
}

@article{resat1993studies,
  title={Studies on free energy calculations. {I}. {T}hermodynamic integration using a polynomial path},
  author={Resat, Haluk and Mezei, Mihaly},
  journal={The Journal of chemical physics},
  volume={99},
  number={8},
  pages={6052--6061},
  year={1993},
  publisher={AIP Publishing}
}

gaussian lambda choice
@manual{AMBER14manual,
  title={AMBER 14 reference manual},
  year={2014}
}
D.A. Case, V. Babin, J.T. Berryman, R.M. Betz, Q. Cai, D.S. Cerutti, T.E. Cheatham, III, T.A. Darden, R.E.
Duke, H. Gohlke, A.W. Goetz, S. Gusarov, N. Homeyer, P. Janowski, J. Kaus, I. Kolossváry, A. Kovalenko,
T.S. Lee, S. LeGrand, T. Luchko, R. Luo, B. Madej, K.M. Merz, F. Paesani, D.R. Roe, A. Roitberg, C. Sagui,
R. Salomon-Ferrer, G. Seabra, C.L. Simmerling, W. Smith, J. Swails, R.C. Walker, J. Wang, R.M. Wolf, X.
Wu and P.A. Kollman (2014), AMBER 14, University of California, San Francisco.

dynamic lambda slow growth
@article{pearlman1989new,
  title={A new method for carrying out free energy perturbation calculations: dynamically modified windows},
  author={Pearlman, David A and Kollman, Peter A},
  journal={The Journal of Chemical Physics},
  volume={90},
  number={4},
  pages={2460--2470},
  year={1989},
  publisher={AIP Publishing}
}

DE shaw minimum var path
@article{shenfeld2009minimizing,
  title={Minimizing thermodynamic length to select intermediate states for free-energy calculations and replica-exchange simulations},
  author={Shenfeld, Daniel K and Xu, Huafeng and Eastwood, Michael P and Dror, Ron O and Shaw, David E},
  journal={Physical Review E},
  volume={80},
  number={4},
  pages={046705},
  year={2009},
  publisher={APS}
}

######
replica exchange and HREX
######

@article{sugita1999replica,
  title={Replica-exchange molecular dynamics method for protein folding},
  author={Sugita, Yuji and Okamoto, Yuko},
  journal={Chemical Physics Letters},
  volume={314},
  number={1},
  pages={141--151},
  year={1999},
  publisher={Elsevier}
}

@article{sugita2000replica,
  title={Replica-exchange multicanonical algorithm and multicanonical replica-exchange method for simulating systems with rough energy landscape},
  author={Sugita, Yuji and Okamoto, Yuko},
  journal={Chemical Physics Letters},
  volume={329},
  number={3},
  pages={261--270},
  year={2000},
  publisher={Elsevier}
}

@article{sugita2000multidimensional,
  title={Multidimensional replica-exchange method for free-energy calculations},
  author={Sugita, Yuji and Kitao, Akio and Okamoto, Yuko},
  journal={The Journal of Chemical Physics},
  volume={113},
  number={15},
  pages={6042--6051},
  year={2000},
  publisher={AIP Publishing}
}

@article{jiang2010free,
  title={Free energy perturbation Hamiltonian replica-exchange molecular dynamics ({FEP}/{H}-{REMD}) for absolute ligand binding free energy calculations},
  author={Jiang, Wei and Roux, Beno{\^\i}t},
  journal={Journal of chemical theory and computation},
  volume={6},
  number={9},
  pages={2559--2565},
  year={2010},
  publisher={ACS Publications}
}

@article{maragakis2006optimal,
  title={Optimal estimates of free energies from multistate nonequilibrium work data},
  author={Maragakis, Paul and Spichty, Martin and Karplus, Martin},
  journal={Physical review letters},
  volume={96},
  number={10},
  pages={100602},
  year={2006},
  publisher={APS}
}

@article{kwak2005efficient,
  title={Efficient sampling of protein structures by model hopping},
  author={Kwak, Wooseop and Hansmann, Ulrich HE},
  journal={Physical review letters},
  volume={95},
  number={13},
  pages={138102},
  year={2005},
  publisher={APS}
}

@article{darve2008adaptive,
  title={Adaptive biasing force method for scalar and vector free energy calculations},
  author={Darve, Eric and Rodr{\'\i}guez-G{\'o}mez, David and Pohorille, Andrew},
  journal={The Journal of chemical physics},
  volume={128},
  number={14},
  pages={144120},
  year={2008},
  publisher={AIP Publishing}
}

protein forcefields
@article{lindorff2012systematic,
  title={Systematic validation of protein force fields against experimental data},
  author={Lindorff-Larsen, Kresten and Maragakis, Paul and Piana, Stefano and Eastwood, Michael P and Dror, Ron O and Shaw, David E},
  journal={PloS one},
  volume={7},
  number={2},
  pages={e32131},
  year={2012},
  publisher={Public Library of Science}
}

###################
## SHIRTS CHODERA CLAN PAPERS
###################

short BAR as MLE paper
@article{shirts2003equilibrium,
  title={Equilibrium free energies from nonequilibrium measurements using maximum-likelihood methods},
  author={Shirts, Michael R and Bair, Eric and Hooker, Giles and Pande, Vijay S},
  journal={Physical review letters},
  volume={91},
  number={14},
  pages={140601},
  year={2003},
  publisher={APS}
}

MBAR paper
@article{shirts2008statistically,
  title={Statistically optimal analysis of samples from multiple equilibrium states},
  author={Shirts, Michael R and Chodera, John D},
  journal={The Journal of chemical physics},
  volume={129},
  number={12},
  pages={124105},
  year={2008},
  publisher={AIP Publishing}
}

Shirts free energy calc benchmark database
@article{paliwal2011benchmark,
  title={A benchmark test set for alchemical free energy transformations and its use to quantify error in common free energy methods},
  author={Paliwal, Himanshu and Shirts, Michael R},
  journal={Journal of Chemical Theory and Computation},
  volume={7},
  number={12},
  pages={4115--4134},
  year={2011},
  publisher={ACS Publications}
}

host-guest binding benchmarck
@article{moghaddam2011new,
  title={New Ultrahigh Affinity Host- Guest Complexes of Cucurbit [7] uril with Bicyclo [2.2. 2] octane and Adamantane Guests: Thermodynamic Analysis and Evaluation of {M}2 Affinity Calculations},
  author={Moghaddam, Sarvin and Yang, Cheng and Rekharsky, Mikhail and Ko, Young Ho and Kim, Kimoon and Inoue, Yoshihisa and Gilson, Michael K},
  journal={Journal of the American Chemical Society},
  volume={133},
  number={10},
  pages={3570--3581},
  year={2011},
  publisher={ACS Publications}
}

neutral protein-ligand benchmark
@article{boyce2009predicting,
  title={Predicting ligand binding affinity with alchemical free energy methods in a polar model binding site},
  author={Boyce, Sarah E and Mobley, David L and Rocklin, Gabriel J and Graves, Alan P and Dill, Ken A and Shoichet, Brian K},
  journal={Journal of molecular biology},
  volume={394},
  number={4},
  pages={747--763},
  year={2009},
  publisher={Elsevier}
}

charged protein-ligand benchmark
@article{rocklin2013blind,
  title={Blind prediction of charged ligand binding affinities in a model binding site.},
  author={Rocklin, GJ and Boyce, SE and Fischer, M and Fish, I and Mobley, DL and Shoichet, BK and Dill, KA},
  journal={Journal of molecular biology},
  volume={425},
  number={22},
  pages={4569},
  year={2013}
}

figure for thermodynamic cycle
@article{durrant2011molecular,
  title={Molecular dynamics simulations and drug discovery},
  author={Durrant, Jacob D and McCammon, J Andrew},
  journal={BMC biology},
  volume={9},
  number={1},
  pages={71},
  year={2011},
  publisher={BioMed Central Ltd}
}

shirts BAR vs TI, EXP
@article{shirts2005comparison,
  title={Comparison of efficiency and bias of free energies computed by exponential averaging, the {B}ennett acceptance ratio, and thermodynamic integration},
  author={Shirts, Michael R and Pande, Vijay S},
  journal={The Journal of chemical physics},
  volume={122},
  number={14},
  pages={144107},
  year={2005},
  publisher={AIP Publishing}
}

##########################
##########################
##########################
## stats refs
##########################
##########################
##########################

original BAR paper
@article{bennett1976efficient,
  title={Efficient estimation of free energy differences from {M}onte {C}arlo data},
  author={Bennett, Charles H},
  journal={Journal of Computational Physics},
  volume={22},
  number={2},
  pages={245--268},
  year={1976},
  publisher={Elsevier}
}

warp bridge sampling
@article{meng2002warp,
  title={Warp bridge sampling},
  author={Meng, Xiao-Li and Schilling, Stephen},
  journal={Journal of Computational and Graphical Statistics},
  volume={11},
  number={3},
  pages={552--586},
  year={2002},
  publisher={Taylor \& Francis}
}

path sampling
@article{gelman1998simulating,
  title={Simulating normalizing constants: From importance sampling to bridge sampling to path sampling},
  author={Gelman, Andrew and Meng, Xiao-Li},
  journal={Statistical science},
  pages={163--185},
  year={1998},
  publisher={JSTOR}
}

other bridge sampling paper
@article{meng1996simulating,
  title={Simulating ratios of normalizing constants via a simple identity: a theoretical exploration},
  author={Meng, Xiao-Li and Wong, Wing Hung},
  journal={Statistica Sinica},
  volume={6},
  number={4},
  pages={831--860},
  year={1996},
  publisher={Citeseer}
}

ref from warp bridge saying that even with dependent samples, BAR is good
@article{meng1996fitting,
  title={Fitting full-information item factor models and an empirical investigation of bridge sampling},
  author={Meng, Xiao-Li and Schilling, Stephen},
  journal={Journal of the American Statistical Association},
  volume={91},
  number={435},
  pages={1254--1267},
  year={1996},
  publisher={Taylor \& Francis Group}
}

@article{dijkstra1959note,
  title={A note on two problems in connexion with graphs},
  author={Dijkstra, Edsger W},
  journal={Numerische mathematik},
  volume={1},
  number={1},
  pages={269--271},
  year={1959},
  publisher={Springer}
}

Original annealed importance sampling paper by Neal
@article{neal2001annealed,
  title={Annealed importance sampling},
  author={Neal, Radford M},
  journal={Statistics and Computing},
  volume={11},
  number={2},
  pages={125--139},
  year={2001},
  publisher={Springer}
}

SMC review
@article{del2006sequential,
  title={Sequential {M}onte {C}arlo samplers},
  author={Del Moral, Pierre and Doucet, Arnaud and Jasra, Ajay},
  journal={Journal of the Royal Statistical Society: Series B (Statistical Methodology)},
  volume={68},
  number={3},
  pages={411--436},
  year={2006},
  publisher={Wiley Online Library}
}
 SMC review
@article{cappe2007overview,
  title={An overview of existing methods and recent advances in sequential {M}onte {C}arlo},
  author={Capp{\'e}, Olivier and Godsill, Simon J and Moulines, Eric},
  journal={Proceedings of the IEEE},
  volume={95},
  number={5},
  pages={899--924},
  year={2007},
  publisher={IEEE}
}

Jarzynski
@article{jarzynski1997nonequilibrium1,
  title={Nonequilibrium equality for free energy differences},
  author={Jarzynski, Christopher},
  journal={Physical Review Letters},
  volume={78},
  number={14},
  pages={2690},
  year={1997},
  publisher={APS}
}
Crooks
@article{crooks2000path,
  title={Path-ensemble averages in systems driven far from equilibrium},
  author={Crooks, Gavin E},
  journal={Physical review E},
  volume={61},
  number={3},
  pages={2361},
  year={2000},
  publisher={APS}
}

Zwanzig/EXP
@article{zwanzig1954high,
  title={High-temperature equation of state by a perturbation method. I. nonpolar gases},
  author={Zwanzig, Robert W},
  journal={The Journal of Chemical Physics},
  volume={22},
  number={8},
  pages={1420--1426},
  year={1954},
  publisher={AIP Publishing}
}

bandit problem
@article{auer2002finite,
  title={Finite-time analysis of the multiarmed bandit problem},
  author={Auer, Peter and Cesa-Bianchi, Nicolo and Fischer, Paul},
  journal={Machine learning},
  volume={47},
  number={2-3},
  pages={235--256},
  year={2002},
  publisher={Springer}
}
@book{berry1985bandit,
  title={Bandit Problems: Sequential Allocation of Experiments (Monographs on Statistics and Applied Probability)},
  author={Berry, Donald A and Fristedt, Bert},
  year={1985},
  publisher={Springer}
}

metropolis algorithm
@article{metropolis1953equation,
  title={Equation of state calculations by fast computing machines},
  author={Metropolis, Nicholas and Rosenbluth, Arianna W and Rosenbluth, Marshall N and Teller, Augusta H and Teller, Edward},
  journal={The journal of chemical physics},
  volume={21},
  number={6},
  pages={1087--1092},
  year={1953},
  publisher={AIP Publishing}
}

### papers I want to read
this one and another from the google scholar list of papers that cited MBAR
@article{chodera2011alchemical,
  title={Alchemical free energy methods for drug discovery: progress and challenges},
  author={Chodera, John D and Mobley, David L and Shirts, Michael R and Dixon, Richard W and Branson, Kim and Pande, Vijay S},
  journal={Current opinion in structural biology},
  volume={21},
  number={2},
  pages={150--160},
  year={2011},
  publisher={Elsevier}
}

@article{minoukadeh2010potential,
  title={Potential of mean force calculations: a multiple-walker adaptive biasing force approach},
  author={Minoukadeh, Kimiya and Chipot, Christophe and Lelievre, Tony},
  journal={Journal of Chemical Theory and Computation},
  volume={6},
  number={4},
  pages={1008--1017},
  year={2010},
  publisher={ACS Publications}
}

@article{steinbrecher2011soft,
  title={Soft-core potentials in thermodynamic integration: Comparing one-and two-step transformations},
  author={Steinbrecher, Thomas and Joung, InSuk and Case, David A},
  journal={Journal of computational chemistry},
  volume={32},
  number={15},
  pages={3253--3263},
  year={2011},
  publisher={Wiley Online Library}
}

@article{bowman2009simulated,
  title={Simulated tempering yields insight into the low-resolution {R}osetta scoring functions},
  author={Bowman, Gregory R and Pande, Vijay S},
  journal={Proteins: Structure, Function, and Bioinformatics},
  volume={74},
  number={3},
  pages={777--788},
  year={2009},
  publisher={Wiley Online Library}
}

@article{mitsutake2009simulated,
  title={Simulated-tempering replica-exchange method for the multidimensional version},
  author={Mitsutake, Ayori},
  journal={The Journal of chemical physics},
  volume={131},
  number={9},
  pages={094105},
  year={2009},
  publisher={AIP Publishing}
}

@article{chodera2011replica,
  title={Replica exchange and expanded ensemble simulations as gibbs sampling: Simple improvements for enhanced mixing},
  author={Chodera, John D and Shirts, Michael R},
  journal={The Journal of chemical physics},
  volume={135},
  number={19},
  pages={194110},
  year={2011},
  publisher={AIP Publishing}
}

@article{fajer2009using,
  title={Using multistate free energy techniques to improve the efficiency of replica exchange accelerated molecular dynamics},
  author={Fajer, Mikolai and Swift, Robert V and McCammon, J Andrew},
  journal={Journal of computational chemistry},
  volume={30},
  number={11},
  pages={1719--1725},
  year={2009},
  publisher={Wiley Online Library}
}

MBAR applicatoin
looks like a nice paper that also outlines the SAMPL small molecule set that can be useful for testing and benchmarking
@article{mobley2012alchemical,
  title={Alchemical prediction of hydration free energies for {SAMPL}},
  author={Mobley, David L and Liu, Shaui and Cerutti, David S and Swope, William C and Rice, Julia E},
  journal={Journal of computer-aided molecular design},
  volume={26},
  number={5},
  pages={551--562},
  year={2012},
  publisher={Springer}
}

@article{gee2011two,
  title={Two-dimensional replica exchange approach for peptide--peptide interactions},
  author={Gee, Jason and Shell, M Scott},
  journal={The Journal of chemical physics},
  volume={134},
  number={6},
  pages={064112},
  year={2011},
  publisher={AIP Publishing}
}

@article{shirts2013simple,
  title={Simple quantitative tests to validate sampling from thermodynamic ensembles},
  author={Shirts, Michael R},
  journal={Journal of Chemical Theory and Computation},
  volume={9},
  number={2},
  pages={909--926},
  year={2013},
  publisher={ACS Publications}
}

@article{macready1998bandit,
  title={Bandit problems and the exploration/exploitation tradeoff},
  author={Macready, William G and Wolpert, David H},
  journal={Evolutionary Computation, IEEE Transactions on},
  volume={2},
  number={1},
  pages={2--22},
  year={1998},
  publisher={IEEE}
}

bandit stuff
@incollection{tokic2011value,
  title={Value-difference based exploration: adaptive control between epsilon-greedy and softmax},
  author={Tokic, Michel and Palm, G{\"u}nther},
  booktitle={KI 2011: Advances in Artificial Intelligence},
  pages={335--346},
  year={2011},
  publisher={Springer}
}
@article{scott2010modern,
  title={A modern {B}ayesian look at the multi-armed bandit},
  author={Scott, Steven L},
  journal={Applied Stochastic Models in Business and Industry},
  volume={26},
  number={6},
  pages={639--658},
  year={2010},
  publisher={Wiley Online Library}
}
@incollection{vermorel2005multi,
  title={Multi-armed bandit algorithms and empirical evaluation},
  author={Vermorel, Joannes and Mohri, Mehryar},
  booktitle={Machine Learning: ECML 2005},
  pages={437--448},
  year={2005},
  publisher={Springer}
}

qlearning original article
@article{watkins1992q,
  title={Q-learning},
  author={Watkins, Christopher JCH and Dayan, Peter},
  journal={Machine learning},
  volume={8},
  number={3-4},
  pages={279--292},
  year={1992},
  publisher={Springer}
}

kshortest path
@article{eppstein1998finding,
  title={Finding the k shortest paths},
  author={Eppstein, David},
  journal={SIAM Journal on computing},
  volume={28},
  number={2},
  pages={652--673},
  year={1998},
  publisher={SIAM}
}

gpu resampling
@article{murray2012gpu,
  title={GPU acceleration of the particle filter: the Metropolis resampler},
  author={Murray, Lawrence},
  journal={arXiv preprint arXiv:1202.6163},
  year={2012}
}

# hybrid mc
@article{duane1987hybrid,
  title={Hybrid monte carlo},
  author={Duane, Simon and Kennedy, Anthony D and Pendleton, Brian J and Roweth, Duncan},
  journal={Physics letters B},
  volume={195},
  number={2},
  pages={216--222},
  year={1987},
  publisher={Elsevier}
}

ising model
@article{mora2012transition,
  title={Transition path sampling algorithm for discrete many-body systems},
  author={Mora, Thierry and Walczak, Aleksandra M and Zamponi, Francesco},
  journal={Physical Review E},
  volume={85},
  number={3},
  pages={036710},
  year={2012},
  publisher={APS}
}